@article{orhean2018new,
  title={New scheduling approach using reinforcement learning for heterogeneous distributed systems},
  author={Orhean, Alexandru Iulian and Pop, Florin and Raicu, Ioan},
  journal={Journal of Parallel and Distributed Computing},
  volume={117},
  pages={292--302},
  year={2018},
  publisher={Elsevier}
}

@article{kumar2010genetic,
  title={Genetic algorithm approach to operating system process scheduling problem},
  author={Kumar, Rakesh and Kumar, Er Rajiv and Gill, Er Sanjeev and Kaushik, Er Ashwani},
  journal={International journal of Engineering science and Technology},
  volume={2},
  number={9},
  pages={4247--4252},
  year={2010}
}

@inproceedings{venkat2014harnessing,
  title={Harnessing ISA diversity: Design of a heterogeneous-ISA chip multiprocessor},
  author={Venkat, Ashish and Tullsen, Dean M},
  booktitle={2014 ACM/IEEE 41st International Symposium on Computer Architecture (ISCA)},
  pages={121--132},
  year={2014},
  organization={IEEE}
}