@article{article,
author = {Kumar, Ranjeet and Dr.Rakesh, and Er.Rajiv, and Gill, Er and Kaushik, Ashwani},
year = {2010},
month = {09},
pages = {},
title = {Genetic Algorithm approach to Operating system process scheduling problem},
volume = {2},
journal = {International Journal of Engineering Science and Technology}
}

@article{ORHEAN2018292,
title = "New scheduling approach using reinforcement learning for heterogeneous distributed systems",
journal = "Journal of Parallel and Distributed Computing",
volume = "117",
pages = "292 - 302",
year = "2018",
issn = "0743-7315",
doi = "https://doi.org/10.1016/j.jpdc.2017.05.001",
url = "http://www.sciencedirect.com/science/article/pii/S0743731517301521",
author = "Alexandru Iulian Orhean and Florin Pop and Ioan Raicu",
keywords = "Scheduling, Distributed systems, Machine learning, SARSA"
}

@article{article,
author = {Chillet, Daniel and Eiche, Antoine and Pillement, SÃ©bastien and Sentieys, Olivier},
year = {2011},
month = {04},
pages = {340-353},
title = {Real-time scheduling on heterogeneous system-on-chip architectures using an optimised artificial neural network},
volume = {57},
journal = {Journal of Systems Architecture - Embedded Systems Design},
doi = {10.1016/j.sysarc.2011.01.004}
}