@inproceedings{venkat2014harnessing,
  title={Harnessing ISA diversity: Design of a heterogeneous-ISA chip multiprocessor},
  author={Venkat, Ashish and Tullsen, Dean M},
  booktitle={2014 ACM/IEEE 41st International Symposium on Computer Architecture (ISCA)},
  pages={121--132},
  year={2014},
  organization={IEEE}
}

@inbook{inbook,
author = {Padole, Dr. Mamta and Shah, Ankit},
year = {2018},
month = {01},
pages = {111-122},
title = {Comparative Study of Scheduling Algorithms in Heterogeneous Distributed Computing Systems},
isbn = {978-981-10-4602-5},
doi = {10.1007/978-981-10-4603-2_12}
}

@article{article,
author = {Arabnejad, Hamid and Barbosa, Jorge},
year = {2014},
month = {03},
pages = {682-694},
title = {List Scheduling Algorithm for Heterogeneous Systems by an Optimistic Cost Table},
volume = {25},
journal = {IEEE Transactions on Parallel and Distributed Systems},
doi = {10.1109/TPDS.2013.57}
}