@inproceedings{venkat2014harnessing,
  title={Harnessing ISA diversity: Design of a heterogeneous-ISA chip multiprocessor},
  author={Venkat, Ashish and Tullsen, Dean M},
  booktitle={2014 ACM/IEEE 41st International Symposium on Computer Architecture (ISCA)},
  pages={121--132},
  year={2014},
  organization={IEEE}
}

@ARTICLE{993206,
author={H. {Topcuoglu} and S. {Hariri} and {Min-You Wu}},
journal={IEEE Transactions on Parallel and Distributed Systems},
title={Performance-effective and low-complexity task scheduling for heterogeneous computing},
year={2002},
volume={13},
number={3},
pages={260-274},
keywords={workstation clusters;processor scheduling;directed graphs;heterogeneous computing environments;application scheduling problem;scheduling costs;Heterogeneous Earliest-Finish-Time algorithm;Critical-Path-on-a-Processor algorithm;parametric graph generator;weighted directed acyclic graphs;time metrics;list scheduling;task graphs;DAG scheduling;Processor scheduling},
doi={10.1109/71.993206},
ISSN={2161-9883},
month={March},}

@inbook{inbook,
author = {Padole, Dr. Mamta and Shah, Ankit},
year = {2018},
month = {01},
pages = {111-122},
title = {Comparative Study of Scheduling Algorithms in Heterogeneous Distributed Computing Systems},
isbn = {978-981-10-4602-5},
doi = {10.1007/978-981-10-4603-2_12}
}

@article{article2,
author = {Kumar, Ranjeet and Dr.Rakesh, and Er.Rajiv, and Gill, Er and Kaushik, Ashwani},
year = {2010},
month = {09},
pages = {},
title = {Genetic Algorithm approach to Operating system process scheduling problem},
volume = {2},
journal = {International Journal of Engineering Science and Technology}
}

@article{ORHEAN2018292,
title = "New scheduling approach using reinforcement learning for heterogeneous distributed systems",
journal = "Journal of Parallel and Distributed Computing",
volume = "117",
pages = "292 - 302",
year = "2018",
issn = "0743-7315",
doi = "https://doi.org/10.1016/j.jpdc.2017.05.001",
url = "http://www.sciencedirect.com/science/article/pii/S0743731517301521",
author = "Alexandru Iulian Orhean and Florin Pop and Ioan Raicu",
keywords = "Scheduling, Distributed systems, Machine learning, SARSA"
}

@article{article3,
author = {Chillet, Daniel and Eiche, Antoine and Pillement, SÃ©bastien and Sentieys, Olivier},
year = {2011},
month = {04},
pages = {340-353},
title = {Real-time scheduling on heterogeneous system-on-chip architectures using an optimised artificial neural network},
volume = {57},
journal = {Journal of Systems Architecture - Embedded Systems Design},
doi = {10.1016/j.sysarc.2011.01.004}
}

@misc{chung2014empirical,
    title={Empirical Evaluation of Gated Recurrent Neural Networks on Sequence Modeling},
    author={Junyoung Chung and Caglar Gulcehre and KyungHyun Cho and Yoshua Bengio},
    year={2014},
    eprint={1412.3555},
    archivePrefix={arXiv},
    primaryClass={cs.NE}
}